=LDR  01598pam a2200481 a 4500
=001  012881145
=003  Uk
=005  20050628134947.0
=008  040628s2005\\\\txua\\\\\b\\\\001\0\eng\\
=FMT  \\$a  BK
=010  \\$a2004015103  
=015  \\$aGBA4W9869$2bnb
=016  7\$a012881145$2Uk
=020  \\$a1556220782 (pbk.) :$cNo price
=040  \\$aStDuBDS$dUk
=042  \\$aukblsr
=050  00$aQA76.76.C672$bB85 2005
=082  00$a794.81526$222
=100  1\$aBuckland, Mat.
=245  10$aProgramming game AI by example /$cMat Buckland.
=260  \\$aPlano, Tex. :$bWordware ;$a[Lancaster :$bGazelle, distributor],$c2005.
=300  \\$axxi, 495 p. :$bill. ;$c23 cm.
=336  \\$atext$2rdacontent
=337  \\$aunmediated$2rdamedia
=338  \\$avolume$2rdacarrier
=504  \\$aIncludes bibliographical references (p. 477-478) and index.
=500  \\$aFormerly CIP.$5Uk
=650  \0$aComputer games$xDesign.
=650  \0$aComputer games$xProgramming.
=650  \0$aComputer graphics.
=856  41$3Table of contents$uhttp://www.loc.gov/catdir/toc/ecip0419/2004015103.html
=852  11$aBritish Library$bHMNTS$k(B)$h794.81526
=CAT  \\$aBATCH$b00$c20040530$lBLL01$h1453
=CAT  \\$c20040530$lBLL01$h1455
=CAT  \\$c20040530$lBLL01$h1508
=CAT  \\$aCIPCORR$c20040613$lBLL01$h1858
=CAT  \\$a11249$b40$c20041202$lBLL01$h1339
=CAT  \\$a12325$b40$c20050624$lBLL01$h1012
=CAT  \\$a6160$b40$c20050628$lBLL01$h1349
=CAT  \\$aWR16_021$c20160610$lBLL01$h1942
=FIN  \\$aY$d20050628
=SRC  \\$aBLL02
=LAS  \\$aWR16_021$b00$c20160610$lBLL01$h1942

