=LDR  02555 am a2200661 a 4500
=001  013471309
=003  Uk
=005  20060718164516.0
=008  031016s2004\\\\cau\\\\\\\\\\\001\0ceng\\
=FMT  \\$a  BK
=010  \\$a2003022898  
=020  \\$a9780759105966
=020  \\$a0759105960 (alk. paper)
=020  \\$a0759105979 (pbk. : alk. paper)
=040  \\$aDLC$cDLC$dDLC
=043  \\$an-us---
=050  00$aPS3562.O27$bZ88 2004
=082  00$a813/.54$aB$222
=100  1\$aRichardson, Laurel.
=245  10$aTravels with Ernest :$bcrossing the literary/sociological divide /$cLaurel Richardson and Ernest Lockridge.
=260  \\$aWalnut Creek, CA :$bAltaMira Press,$cc2004.
=300  \\$aix, 259 p. ;$c24 cm.
=336  \\$atext$2rdacontent
=337  \\$aunmediated$2rdamedia
=338  \\$avolume$2rdacarrier
=490  1\$aEthnographic alternatives book series ;$vv. 16
=500  \\$aIncludes index.
=540  \\$aBritish Library not licensed to copy$c0$5Uk
=600  10$aLockridge, Ernest,$d1938-$xTravel.
=650  \0$aNovelists, American$y20th century$vBiography.
=650  \0$aCollege teachers$zUnited States$vBiography.
=650  \0$aMarried people$zUnited States$vBiography.
=650  \0$aSociologists$zUnited States$vBiography.
=600  10$aLockridge, Ernest,$d1938-$xMarriage.
=600  10$aRichardson, Laurel$xMarriage.
=600  10$aRichardson, Laurel$xTravel.
=700  1\$aLockridge, Ernest,$d1938-
=856  41$3Table of contents$uhttp://www.loc.gov/catdir/toc/ecip0410/2003022898.html
=830  \0$aEthnographic alternatives book series ;$vv. 16.
=852  41$aBritish Library$bDSC$h3814.915000$iv. 16
=CAT  \\$a4861$b40$c20060517$lBLL01$h1338
=CAT  \\$a8411$b40$c20060718$lBLL01$h1645
=CAT  \\$a11251$b40$c20070207$lBLL01$h1055
=CAT  \\$a11251$b40$c20070207$lBLL01$h1106
=CAT  \\$aBATCH$b00$c20091217$lBLL01$h0421
=CAT  \\$aBATCH$b00$c20100103$lBLL01$h1215
=CAT  \\$aBATCH-CLA$b00$c20140810$lBLL01$h1329
=CAT  \\$aBATCH-UPD$b00$c20141222$lBLL01$h0319
=CAT  \\$aBATCH-CLA$b00$c20161222$lBLL01$h1809
=CAT  \\$aIPL-CLA$c20161230$lBLL01$h2157
=CAT  \\$aBATCH-CLA$b00$c20171222$lBLL01$h2132
=CAT  \\$aIPL-CLA$c20171231$lBLL01$h1654
=CAT  \\$aBATCH-CLA$b00$c20190424$lBLL01$h0118
=CFI  0\$aBritish Library not licensed to copy$c0$e23-apr-2019$hC$iTX$5Uk
=SRC  \\$aBLL02
=TCO  \\$aCLA$bCLA$c008
=ACF  \\$aPrevious Copyright Fee: GBP12.30$c0$e01-jan-2014$fGBP12.30$g0$hA$5Uk
=LAS  \\$aBATCH-CLA$b00$c20190424$lBLL01$h0118

