=LDR  02664aam a2200541 i 4500
=001  017408559
=003  Uk
=005  20160721212341.0
=008  150514t2015\\\\enk\\\\\\b\\\\000\0\eng\\
=FMT  \\$a  BK
=010  \\$a2015012850  
=015  \\$aGBB580203$2bnb
=016  7\$a017408559$2Uk
=020  \\$a9781137273710 (hbk.) :$c£60.00
=040  \\$aStDuBDS$beng$cStDuBDS$dUk$erda
=042  \\$aukblsr
=050  00$aD523$b.C455 2015
=082  00$a940.31$223
=100  1\$aChapman, Jane,$d1950-$eauthor.
=245  10$aComics and the world wars :$ba cultural record /$cJane Chapman, Anna Hoyles, Andrew Kerr and Adam Sherif, University of Lincoln, UK.
=264  \1$aHoundmills, Basingstoke, Hampshire ;$aNew York, NY :$bPalgrave Macmillan,$c2015.
=300  \\$axiv, 217 pages ;$c23 cm.
=336  \\$atext$btxt$2rdacontent
=337  \\$aunmediated$bn$2rdamedia
=338  \\$avolume$bnc$2rdacarrier
=490  0\$aPalgrave studies in the history of media
=500  \\$aFormerly CIP.$5Uk
=504  \\$aIncludes bibliographical references (pages 192-207)
=505  0\$aIntroduction -- A proposed theory and method for the incorporation of comic books as primary sources -- Haselden as pioneer: reflecting or constructing home front opinion? -- Proto comics as trench record: anti-heroism, disparagement humour and citizens' journalism -- The rise and fall of the World War One gullible worker as a counter culture -- Adjusting to total war: US propaganda, commerce and audience -- The cultural construction of women: pin-ups, proactive women and representation in combat -- Collective culture as dynamic record: the Daily Worker 1940-43 -- Conclusion.
=650  \0$aWorld War, 1914-1918$xSocial aspects.
=650  \0$aWorld War, 1939-1945$xSocial aspects.
=650  \0$aComic books, strips, etc.$xHistory$y20th century.
=650  \0$aComic books, strips, etc.$xHistory and criticism.
=650  \0$aPopular culture$xHistory$y20th century.
=700  1\$aHoyles, Anna,$d1978-
=700  1\$aKerr, Andrew,$d1986-
=700  1\$aSherif, Adam.
=856  42$3Publisher description$uhttps://www.loc.gov/catdir/enhancements/fy1610/2015012850-d.html
=856  41$3Table of contents only$uhttps://www.loc.gov/catdir/enhancements/fy1613/2015012850-t.html
=852  11$aBritish Library$bHMNTS$kNRR$h940.31
=BUF  \\$aN$d20160719
=CAT  \\$aBATCH-CIPN$b00$c20150623$lBLL01$h1700
=CAT  \\$aWR16_021$c20160718$lBLL01$h1803
=CAT  \\$a5703$b40$c20160719$lBLL01$h1015
=CAT  \\$aBATCH-BUOC$b00$c20160721$lBLL01$h2123
=CAT  \\$aWR16_021$c20160727$lBLL01$h1653
=FIN  \\$aY$d20160719
=LAS  \\$aWR16_021$b00$c20160727$lBLL01$h1653

