=LDR  01828 am a2200481 i 4500
=001  019620910
=003  Uk
=005  20191211140525.0
=008  130627s2011\\\\sa\ab\\\\b\\\\001\0\eng\\
=FMT  \\$a  BK
=010  \\$a  2012526214
=020  \\$a9781431402212
=020  \\$a1431402214
=035  \\$a(OCoLC)ocn772847626
=040  \\$aZ@L$beng$cZ@L$dBTCTA$dCLU$dYDXCP$dBDX$dUk$dDLC$erda
=042  \\$aukblderived
=050  00$aGA1658$b.D86 2011
=082  04$a911.68$223
=100  10$aDuminy, Andrew.
=245  10$aMapping South Africa :$ba historical survey of South African maps and charts /$cAndrew Duminy.
=250  \\$aSecond, revised impression.
=264  \1$aAuckland Park ,South Africa :$bJacana Media (Pty) Ltd.,$c2011.
=300  \\$a134 pages :$bcolor illustrations, color maps ;$c25 cm
=336  \\$atext$2rdacontent
=337  \\$aunmediated$2rdamedia
=338  \\$avolume$2rdacarrier
=504  \\$aIncludes bibliography (pages 127-130) and index.
=650  \0$aCartography$zSouth Africa$xHistory.
=650  \0$aCartography$zSouth Africa$zCape of Good Hope.
=650  \0$aHistorical geography.
=651  \0$aSouth Africa$xHistory.
=651  \0$aSouth Africa$xHistory$vMaps.
=651  \0$aSouth Africa$vMaps$xEarly works to 1800.
=651  \0$aCape of Good Hope (South Africa)$vMaps.
=856  42$3Contributor biographical information$uhttp://www.loc.gov/catdir/enhancements/fy1312/2012526214-b.html
=856  42$3Publisher description$uhttp://www.loc.gov/catdir/enhancements/fy1312/2012526214-d.html
=852  41$aBritish Library$bMAPS$kMaps Ref K.4$h(25)
=CAT  \\$a6503$b40$c20191122$lBLL01$h1242
=CAT  \\$aBATCH-ROF$b00$c20191123$lBLL01$h1743
=CAT  \\$a11131$b40$c20191211$lBLL01$h1405
=FIN  \\$aY$d20191211
=SRC  \\$aBLL02
=LAS  \\$a11131$b40$c20191211$lBLL01$h1405

