=LDR  03024aam a2200517 i 4500
=001  016284486
=003  Uk
=005  20131003231754.0
=008  130320s2013\\\\nyua\\\\\b\\\\001\0\eng\\
=FMT  \\$a  BK
=010  \\$a2013000790  
=015  \\$aGBB317603$2bnb
=016  7\$a016284486$2Uk
=020  \\$a9781107036413 (hbk.) :$cNo price
=040  \\$aStDuBDS$beng$cStDuBDS$dUk
=042  \\$aukblsr
=050  00$aTK6552.5$b.M63 2013
=082  00$a621.3820287$223
=245  00$aModern RF and microwave measurement techniques /$cedited by Valeria Teppati, ETH Zurich, Andrea Ferrero, Politecrico di Torino, Mohamed Sayed, Microwave and Millimeter Wave Solutions.
=264  \1$aNew York :$bCambridge University Press,$c2013.
=300  \\$axxv, 447 pages :$billustrations ;$c26 cm.
=336  \\$atext$2rdacontent
=337  \\$aunmediated$2rdamedia
=338  \\$avolume$2rdacarrier
=490  0\$aThe cambridge RF and microwave engineering series
=500  \\$aFormerly CIP.$5Uk
=504  \\$aIncludes bibliographical references and index.
=520  \\$a"This comprehensive, hands-on review of the most up-to-date techniques in RF and microwave measurement combines microwave circuit theory and metrology, in-depth analysis of advanced modern instrumentation, methods and systems, and practical advice for professional RF and microwave engineers and researchers. Topics covered include microwave instrumentation, such as network analysers, real-time spectrum analysis, sampling oscilloscopes and microwave synthesizers; linear measurements, such as VNA calibrations, noise figure measurements, time domain reflectometry and dielectric measurements; and non-linear measurements, such as load- and source-pull techniques, broadband signal measurements, and non-linear NVAs. Each technique is discussed in detail, and accompanied by state-of-the-art solutions to the unique technical challenges associated with its deployment. With each chapter delivered by internationally recognised experts in the field, this is an invaluable resource for researchers and professionals involved with microwave measurements"--$cProvided by publisher.
=650  \0$aRadio measurements.
=650  \0$aMicrowave measurements.
=650  \0$aRadio circuits.
=650  \7$aTECHNOLOGY & ENGINEERING / Microwaves$2bisacsh.
=700  1\$aTeppati, Valeria,$d1974-$eeditor of compilation.
=856  42$3Cover image$uhttp://assets.cambridge.org/97811070/36413/cover/9781107036413.jpg
=852  11$aBritish Library$bSTI$k621.3813
=BUF  \\$aN$d20130709
=CAT  \\$aBATCH-CIPN$b00$c20130226$lBLL01$h1701
=CAT  \\$aBATCH-UPD$b00$c20130322$lBLL01$h2135
=CAT  \\$aBATCH-UPD$b00$c20130331$lBLL01$h2208
=CAT  \\$a11306$b40$c20130408$lBLL01$h1317
=CAT  \\$aBATCH-CIPC$b00$c20130411$lBLL01$h1149
=CAT  \\$a10876$b40$c20130709$lBLL01$h0745
=CAT  \\$aBATCH-BUOC$b00$c20131003$lBLL01$h2317
=CAT  \\$aWR16_021$c20160708$lBLL01$h1809
=FIN  \\$aY$d20130709
=LAS  \\$aWR16_021$b00$c20160708$lBLL01$h1809

