=LDR  01373aam a2200397 i 4500
=001  016649725
=003  Uk
=005  20150716212047.0
=008  140227s2014\\\\enka\\\\\\\\\\000\0\eng|d
=FMT  \\$a  BK
=010  \\$a2013047872  
=015  \\$aGBB428819$2bnb
=016  7\$a016649725$2Uk
=020  \\$a9781118801451 (hbk.) :$c£66.95
=040  \\$aStDuBDS$beng$cStDuBDS$dUk$erda
=042  \\$aukblsr
=082  00$a628$223
=100  1\$aMines, Richard O.
=245  10$aEnvironmental engineering :$bprinciples and practice /$cRichard O. Mines, Laura Lackey.
=264  \1$aChichester :$bWiley-Blackwell,$c2014.
=300  \\$axxiii, 637 pages :$billustrations ;$c29 cm.
=336  \\$atext$2rdacontent
=337  \\$aunmediated$2rdamedia
=338  \\$avolume$2rdacarrier
=500  \\$aFormerly CIP.$5Uk
=650  \0$aEnvironmental engineering$vTextbooks.
=650  \7$aTECHNOLOGY & ENGINEERING / Environmental / General.$2bisacsh
=856  42$3Cover image$uhttp://catalogimages.wiley.com/images/db/jimages/9781118801451.jpg
=852  11$aBritish Library$bSTI$k(B)628
=BUF  \\$aN$d20140520
=CAT  \\$aBATCH-CIPN$b00$c20140311$lBLL01$h1701
=CAT  \\$a6829$b40$c20140520$lBLL01$h1042
=CAT  \\$aBATCH-BUOC$b00$c20150716$lBLL01$h2120
=CAT  \\$aWR16_021$c20160714$lBLL01$h1804
=FIN  \\$aY$d20140520
=LAS  \\$aWR16_021$b00$c20160714$lBLL01$h1804

