=LDR  01928 am a2200553 a 4500
=001  015338052
=003  Uk
=005  20090909171244.0
=008  090702s2009\\\\gw\a\\\\\b\\\\000\0\ger\d
=015  \\$a09,A36,0881$2dnb
=020  \\$a9783183699124 (pbk.)
=020  \\$a3183699125 (pbk.)
=035  \\$a(OCoLC)434519211
=040  \\$aGWDNB$bger$cGWDNB$dUk$erakwb
=042  \\$aukblsr
=082  04$a629.2502$2DDC22ger
=082  04$a665.81$2DDC22ger
=084  \\$a620$a660$2GyFmDB
=100  1\$aWenger, David.
=245  10$aMetallhydridspeicher zur Wasserstoffversorgung und Kühlung von Brennstoffzellenfahrzeugen /$cDavid Wenger.
=246  18$aMetallhydridspeicher für Brennstoffzellen
=260  \\$aDüsseldorf :$bVDI Verlag,$cc2009.
=300  \\$axii, 148 p. :$bill. ;$c21 cm.
=336  \\$atext$2rdacontent
=337  \\$aunmediated$2rdamedia
=338  \\$avolume$2rdacarrier
=490  0\$aFortschritt-Berichte VDI. Reihe 12, Verkehrstechnik/Fahrzeugtechnik,$x0178-9449 ;$vNr. 699
=504  \\$aIncludes bibliographical references.
=650  \0$aHydrogen$xStorage.
=650  \0$aFuel cells.
=650  \0$aFuel cell vehicles.
=650  \0$aHydrides.
=650  07$aFahrzeugantrieb$2swd
=650  07$aBrennstoffzelle$2swd
=650  07$aHydrid-Speicher$2swd
=710  2\$aVerein Deutscher Ingenieure.
=852  71$aBritish Library$bHMNTS$k(P)$hUT 95$m-G(1)$iNr.699$2blsrissc
=856  42$3Inhaltsverzeichnis$uhttp://d-nb.info/995075336/04
=CAT  \\$a6098$b40$c20090729$lBLL01$h0925
=CAT  \\$a8980$b40$c20090806$lBLL01$h1507
=CAT  \\$a11071$b40$c20090909$lBLL01$h1606
=CAT  \\$a11071$b40$c20090909$lBLL01$h1607
=CAT  \\$a11342$b40$c20090909$lBLL01$h1712
=CAT  \\$aBATCH-UPD$b40$c20160605$lBLL01$h0434
=CAT  \\$aW1707-0052$c20170703$lBLL01$h1906
=FIN  \\$aY$d20090806
=FMT  \\$a  BK
=LAS  \\$aW1707-0052$b00$c20170703$lBLL01$h1906
=SID  \\$aZ39$bOCLC

