=LDR  01454cam a2200409 a 4500
=001  015518021
=003  Uk
=005  20100421115248.0
=008  080814s2009\\\\nyu\\\\\\b\\\\000\0beng\\
=FMT  \\$a  BK
=010  \\$a  2008035930
=015  \\$aGBB053935$2bnb
=020  \\$a9781433102608 (hc : alk. paper)
=040  \\$aDLC$cDLC$dDLC$dUk
=042  \\$aukblcatcopy
=050  00$aPQ8519.A5$bZ655 2009
=082  00$a861.6$aB$222
=100  1\$aJames, William,$d1965-
=245  10$aDependence, independence, and death :$btoward a psychobiography of Delmira Agustini /$cWilliam James.
=260  \\$aNew York ;$aOxford :$bPeter Lang,$c2009.
=300  \\$ax, 171 p. ;$c24 cm.
=336  \\$atext$2rdacontent
=337  \\$aunmediated$2rdamedia
=338  \\$avolume$2rdacarrier
=490  0\$aLatin America interdisciplinary studies ;$vv. 14
=504  \\$aIncludes bibliographical references (p. [163]-167) and index.
=600  10$aAgustini, Delmira,$d1886-1914$xPsychology.
=650  \0$aPoets, Uruguayan$y20th century$vBiography.
=650  \0$aPsychoanalysis and literature.
=856  41$3Table of contents only$uhttp://www.loc.gov/catdir/toc/ecip0826/2008035930.html
=852  41$aBritish Library$bDSC$iv. 14
=CAT  \\$a4861$b40$c20100325$lBLL01$h0808
=CAT  \\$a6098$b40$c20100421$lBLL01$h1152
=CAT  \\$aW2308-1659$c20230923$lBLL01$h1054
=FIN  \\$aY$d20100421
=SRC  \\$aBLL02
=LAS  \\$aW2308-1659$b00$c20230923$lBLL01$h1054

