=LDR  02037 am a2200481 i 4500
=001  016748483
=003  Uk
=005  20140723110933.0
=007  ta
=008  140114s2014\\\\nyua\\\\\b\\\|0|1\0|eng\\
=FMT  \\$a  BK
=010  \\$a2013943709
=015  \\$aGBB475845$2bnb
=020  \\$a9781461483229 (hardback)
=020  \\$a1461483220 (hardback)
=020  \\$z9781461483236 (eBook)
=024  7\$z10.1007/978-1-4614-8323-6$2doi
=035  \\$a(OCoLC)868058113$z(OCoLC)847348506
=040  \\$aIND$beng$cIND$dIXA$dYDXCP$dBTCTA$dCDX$dTEU$dOCLCO$dUAA$dUk$erda
=042  \\$aukblsr
=050  \4$aTP492$b.G85 2014
=082  04$a621.56$223
=100  1\$aGu, Junjie,$d1964-$eauthor.
=245  10$aTwo-phase flow in refrigeration systems /$cJunjie Gu, Shujun Wang, Zhongxue Gan.
=264  \1$aNew York :$bSpringer,$c[2014]
=300  \\$axvii, 152 pages :$billustrations (black and white, and colour) ;$c25 cm
=336  \\$atext$2rdacontent
=337  \\$aunmediated$2rdamedia
=338  \\$avolume$2rdacarrier
=505  0\$aIntroduction -- Experimental facility for two-phase flow measurement -- Properties of refrigerant, oil and their mixture -- Two-phase flow in accumulator -- Two-phase flow in compressor -- Two-phase flow in adiabatic capillary tube for R-134a cycles -- Two-phase flow in non-adiabatic capillary tube for CO2 cycles -- Two-phase flow in internal heat exchangers -- Two-phase flow and system performance -- Appendix -- Index.
=504  \\$aIncludes bibliographical references and index.
=530  \\$aAlso available online.
=650  \0$aRefrigeration and refrigerating machinery.
=650  \0$aTwo-phase flow.
=700  1\$aWang, Shujun$c(Mechanical engineer),$eauthor.
=700  1\$aGan, Zhongzue,$eauthor.
=856  40$3ebrary$uhttp://site.ebrary.com/id/10747557
=852  11$aBritish Library$bSTI$k(B)621.56
=CAT  \\$a6503$b40$c20140625$lBLL01$h1357
=CAT  \\$a8964$b40$c20140723$lBLL01$h1109
=FIN  \\$aY$d20140723
=SID  \\$aZ39$bOCLC
=LAS  \\$a8964$b40$c20140723$lBLL01$h1109

